@article{brown2014run,
  title={Run-time extensibility and librarization of simulation software},
  author={Brown, Jed and Knepley, Matthew G and Smith, Barry F},
  journal={arXiv preprint arXiv:1407.2905},
  year={2014}
}

@inproceedings{turk2013scaling,
  title={Scaling a code in the human dimension},
  author={Turk, Matthew J},
  booktitle={Proceedings of the Conference on Extreme Science and Engineering Discovery Environment: Gateway to Discovery},
  pages={69},
  year={2013},
  organization={ACM}
}

@mastersthesis{dgeorge:masters,
    Author = {D. L. George},
    School = {University of Washington},
    Title = {Numerical Approximation of the Nonlinear Shallow Water Equations with Topography and Dry-Beds: {A} {Godunov-Type} Scheme},
    Year = {2004}}

@phdthesis{dgeorge:phd,
    Author = {D. L. George},
    School = {University of Washington},
    Title = {Finite Volume Methods and Adaptive Refinement for Tsunami Propagation and Inundation},
    Year = {2006}}

@article{dgeorge:jcp,
    Author = {D. L. George},
    Journal = {J. Comput. Phys.},
    Pages = {3089-3113},
    Title = {Augmented {Riemann} solvers for the shallow water equations over variable topography with steady states and inundation},
    Volume = {227},
    Year = {2008}}

@unpublished{GeorgeIverson2012pp,
    Author = {D. L. George and R. M. Iverson},
    Note = {In preparation for Proc. R. Soc. A.},
    Owner = {dgeorge},
    Timestamp = {2011.12.13},
    Title = {A model of debris-flow motion that accounts for coevolution of dilatancy, porosity and pore-fluid pressure: II. Mathematical properties and computational implementation.}}

@unpublished{IversonGeorge2012pp,
    Author = {R. M. Iverson and D. L. George},
    Note = {In preparation for Proc. R. Soc. A.},
    Owner = {dgeorge},
    Timestamp = {2011.12.13},
    Title = {A model of debris-flow motion that accounts for coevolution of dilatancy, porosity and pore-fluid pressure: I. Geological and physical basis.}}

@article{BergerGeorgeLeVequeMandli:awr11,
    Author = {M. J. Berger and D. L. George and R. J. LeVeque and K. T.  Mandli},
    Journal = {Adv. Water Res.},
    Pages = {1195-1206},
    Title = {The {GeoClaw} software for depth-averaged flows with adaptive
        refinement},
    Url = {\url{www.clawpack.org/links/papers/awr11}},
    Volume = {34},
    Year = {2011},
    Bdsk-Url-1 = {www.clawpack.org/links/papers/awr11}}

@phdthesis{mandli:phd,
    Author = {K. T. Mandli},
    School = {University of Washington},
    Title = {Finite Volume Methods for the Multilayer Shallow Water
        Equations with Applications to Storm Surges},
    Year = {2011}}

@article{LeVequeGeorgeBerger:an11,
    Author = {R. J. LeVeque and D. L. George and M. J. Berger},
    Journal = {Acta Numerica},
    Misc = {\url{www.clawpack.org/links/an11}},
    Pages = {211-289},
    Title = {Tsunami modeling with adaptively refined finite volume methods},
    Year = {2011}}

@article{mjb-rig:cluster,
    Author = {M. J. Berger and I. Rigoutsos},
    Journal = {IEEE Trans. Sys. Man \& Cyber.},
    Pages = {1278--1286},
    Title = {An Algorithm for Point Clustering and Grid Generation},
    Volume = {21},
    Year = {1991}}

@article{George:Malpasset,
    Author = {D George},
    Doi = {10.1002/fld.2298},
    Journal = {Int. J. Numer. Meth. Fluids},
    Title = {{Adaptive finite volume methods with well-balanced Riemann
        solvers for modeling floods in rugged terrain: Application to the Malpasset
        dam-break flood (France, 1959)}},
    Url = {http://www3.interscience.wiley.com/journal/123309491/abstract},
    Year = {2010}}

@article{BC,
    Author = {M. J. Berger and P. Colella},
    Journal = jcp,
    Pages = {64--84},
    Title = {Local adaptive mesh refinement for shock hydrodynamics},
    Volume = {82},
    Year = {1989}}

@article{mjb-rjl:amrclaw,
    Author = {M. J. Berger and R. J. LeVeque},
    Journal = {SIAM J. Numer. Anal.},
    Pages = {2298--2316},
    Title = {Adaptive Mesh Refinement using Wave-Propagation Algorithms for
        Hyperbolic Systems},
    Url = {http://epubs.siam.org/sam-bin/dbq/article/31597},
    Volume = {35},
    Year = {1998}}

@article{BO,
    Author = {M. Berger and J. Oliger},
    Journal = {J. Comput. Phys.},
    Pages = {484--512},
    Title = {Adaptive mesh refinement for hyperbolic partial differential
        equations},
    Volume = {53},
    Year = {1984}}

@phdthesis{jol:thesis,
    Author = {J. O. Langseth},
    School = {Department of Informatics, University of Oslo},
    Title = {Wave Propagation Schemes, Operator Splittings, and Front
        Tracking for Hyperbolic Conservation Laws},
    Year = {1996}}

@article{jol-rjl:3d,
    Author = {J. O. Langseth and R. J. LeVeque},
    Journal = {J. Comput. Phys.},
    Pages = {126--166},
    Title = {A wave-propagation method for three-dimensional hyperbolic
        conservation laws},
    Url = {http://www.amath.washington.edu/~rjl/pubs/wp3d/},
    Volume = {165},
    Year = {2000}}

